@ARTICLE{Lomb_1976,
   author = {{Lomb}, N.~R.},
    title = "{Least-squares frequency analysis of unequally spaced data}",
  journal = {\apss},
 keywords = {Astronomy, Data Reduction, Least Squares Method, Background Noise, Power Spectra, Sine Waves, Spectrum Analysis, Statistical Analysis, Variable Stars},
     year = 1976,
    month = feb,
   volume = 39,
    pages = {447-462},
      doi = {10.1007/BF00648343},
   adsurl = {http://adsabs.harvard.edu/abs/1976Ap%26SS..39..447L},
  adsnote = {Provided by the SAO/NASA Astrophysics Data System}
}

@ARTICLE{Scargle_1982,
   author = {{Scargle}, J.~D.},
    title = "{Studies in astronomical time series analysis. II - Statistical aspects of spectral analysis of unevenly spaced data}",
  journal = {\apj},
 keywords = {Astronomy, Signal Detection, Spectrum Analysis, Statistical Distributions, Time Series Analysis, Fourier Transformation, Frequency Response, Power Spectra, Signal To Noise Ratios},
     year = 1982,
    month = dec,
   volume = 263,
    pages = {835-853},
      doi = {10.1086/160554},
   adsurl = {http://adsabs.harvard.edu/abs/1982ApJ...263..835S},
  adsnote = {Provided by the SAO/NASA Astrophysics Data System}
}


@ARTICLE{Barning_1963,
   author = {{Barning}, F.~J.~M.},
    title = "{The numerical analysis of the light-curve of 12 Lacertae}",
  journal = {\bain},
     year = 1963,
    month = aug,
   volume = 17,
    pages = {22},
   adsurl = {http://adsabs.harvard.edu/abs/1963BAN....17...22B},
  adsnote = {Provided by the SAO/NASA Astrophysics Data System}
}


@ARTICLE{Vanicek_1971,
   author = {{Van{\'{\i}}{\v c}ek}, P.},
    title = "{Further Development and Properties of the Spectral Analysis by Least-Squares}",
  journal = {\apss},
     year = 1971,
    month = jul,
   volume = 12,
    pages = {10-33},
      doi = {10.1007/BF00656134},
   adsurl = {http://adsabs.harvard.edu/abs/1971Ap%26SS..12...10V},
  adsnote = {Provided by the SAO/NASA Astrophysics Data System}
}

@article{Cooley+Tukey_1965,
  author = {Cooley, James W. and Tukey, John W.},
  title = {An algorithm for the machine calculation of complex Fourier series},
  journal = {Math. Comput.},
  volume = {19},
  year = {1965},
  abstract = {},
  pages = {297-301}
}

@ARTICLE{Stoica+Li+He_2009,
   author = {{Stoica}, P. and {Li}, J. and {He}, H.},
    title = "{Spectral Analysis of Nonuniformly Sampled Data: A New Approach Versus the Periodogram}",
  journal = {IEEE Transactions on Signal Processing},
     year = 2009,
    month = mar,
   volume = 57,
    pages = {843-858},
      doi = {10.1109/TSP.2008.2008973},
   adsurl = {http://adsabs.harvard.edu/abs/2009ITSP...57..843S},
  adsnote = {Provided by the SAO/NASA Astrophysics Data System}
}

@ARTICLE{Leroy_2012,
   author = {{Leroy}, B.},
    title = "{Fast calculation of the Lomb-Scargle periodogram using nonequispaced fast Fourier transforms}",
  journal = {\aap},
 keywords = {methods: data analysis, methods: numerical, stars: oscillations},
     year = 2012,
    month = sep,
   volume = 545,
      eid = {A50},
    pages = {A50},
      doi = {10.1051/0004-6361/201219076},
   adsurl = {http://adsabs.harvard.edu/abs/2012A%26A...545A..50L},
  adsnote = {Provided by the SAO/NASA Astrophysics Data System}
}


@Inbook{Bretthorst_2003,
   author = "Bretthorst, G. Larry",
    title = "Frequency Estimation and Generalized Lomb-Scargle Periodograms",
bookTitle = "Statistical Challenges in Astronomy",
     year = "2003",
publisher = "Springer New York",
  address = "New York, NY",
    pages = "309--329",
     isbn = "978-0-387-21529-7",
      doi = "10.1007/0-387-21529-8_21",
      url = "http://dx.doi.org/10.1007/0-387-21529-8_21"
}

@Inbook{Scargle_2003,
   author = "Scargle, Jeffrey D.",
    title = "Advanced Tools for Astronomical Time Series and Image Analysis",
bookTitle = "Statistical Challenges in Astronomy",
     year = "2003",
publisher = "Springer New York",
  address = "New York, NY",
    pages = "293--308",
     isbn = "978-0-387-21529-7",
      doi = "10.1007/0-387-21529-8_20",
      url = "http://dx.doi.org/10.1007/0-387-21529-8_20"
}

@Misc{Scipy,
  author =    {Eric Jones and Travis Oliphant and Pearu Peterson and others},
  title =     {{SciPy}: Open source scientific tools for {Python}},
  year =      {2001--},
  url = "http://www.scipy.org/",
  note = {[Online; accessed 2017-01-19]}
}

@article{NFFT,
 author = {Keiner, Jens and Kunis, Stefan and Potts, Daniel},
 title = {Using NFFT 3---A Software Library for Various Nonequispaced Fast Fourier Transforms},
 journal = {ACM Trans. Math. Softw.},
 issue_date = {August 2009},
 volume = {36},
 number = {4},
 month = aug,
 year = {2009},
 issn = {0098-3500},
 pages = {19:1--19:30},
 articleno = {19},
 numpages = {30},
 url = {http://doi.acm.org/10.1145/1555386.1555388},
 doi = {10.1145/1555386.1555388},
 acmid = {1555388},
 publisher = {ACM},
 address = {New York, NY, USA},
 keywords = {Fast Fourier transforms, approximative algorithms},
} 

@ARTICLE{Vanderplas+Ivezic_2015,
   author = {{VanderPlas}, J.~T. and {Ivezi{\'c}}, {\v Z}.},
    title = "{Periodograms for Multiband Astronomical Time Series}",
  journal = {\apj},
archivePrefix = "arXiv",
   eprint = {1502.01344},
 primaryClass = "astro-ph.IM",
 keywords = {methods: data analysis, methods: statistical, surveys},
     year = 2015,
    month = oct,
   volume = 812,
      eid = {18},
    pages = {18},
      doi = {10.1088/0004-637X/812/1/18},
   adsurl = {http://adsabs.harvard.edu/abs/2015ApJ...812...18V},
  adsnote = {Provided by the SAO/NASA Astrophysics Data System}
}

@MISC{gatspy,
   author = {{VanderPlas}, J.},
    title = "{gatspy: General tools for Astronomical Time Series in Python}",
 keywords = {Software },
howpublished = {Astrophysics Source Code Library},
     year = 2016,
    month = oct,
archivePrefix = "ascl",
   eprint = {1610.007},
   adsurl = {http://adsabs.harvard.edu/abs/2016ascl.soft10007V},
  adsnote = {Provided by the SAO/NASA Astrophysics Data System}
}

@ARTICLE{Sesar_etal_2010,
   author = {{Sesar}, B. and {Ivezi{\'c}}, {\v Z}. and {Grammer}, S.~H. and 
	{Morgan}, D.~P. and {Becker}, A.~C. and {Juri{\'c}}, M. and 
	{De Lee}, N. and {Annis}, J. and {Beers}, T.~C. and {Fan}, X. and 
	{Lupton}, R.~H. and {Gunn}, J.~E. and {Knapp}, G.~R. and {Jiang}, L. and 
	{Jester}, S. and {Johnston}, D.~E. and {Lampeitl}, H.},
    title = "{Light Curve Templates and Galactic Distribution of RR Lyrae Stars from Sloan Digital Sky Survey Stripe 82}",
  journal = {\apj},
archivePrefix = "arXiv",
   eprint = {0910.4611},
 keywords = {Galaxy: halo, Galaxy: stellar content, Galaxy: structure, methods: data analysis, stars: horizontal-branch, stars: statistics, stars: variables: other},
     year = 2010,
    month = jan,
   volume = 708,
    pages = {717-741},
      doi = {10.1088/0004-637X/708/1/717},
   adsurl = {http://adsabs.harvard.edu/abs/2010ApJ...708..717S},
  adsnote = {Provided by the SAO/NASA Astrophysics Data System}
}

@ARTICLE{Press+Rybicki_1989,
   author = {{Press}, W.~H. and {Rybicki}, G.~B.},
    title = "{Fast algorithm for spectral analysis of unevenly sampled data}",
  journal = {\apj},
 keywords = {Algorithms, Data Sampling, Fast Fourier Transformations, Spectrum Analysis, Computer Programs, Fortran},
     year = 1989,
    month = mar,
   volume = 338,
    pages = {277-280},
      doi = {10.1086/167197},
   adsurl = {http://adsabs.harvard.edu/abs/1989ApJ...338..277P},
  adsnote = {Provided by the SAO/NASA Astrophysics Data System}
}


@ARTICLE{Graham_etal_2013,
   author = {{Graham}, M.~J. and {Drake}, A.~J. and {Djorgovski}, S.~G. and 
	{Mahabal}, A.~A. and {Donalek}, C. and {Duan}, V. and {Maker}, A.
	},
    title = "{A comparison of period finding algorithms}",
  journal = {\mnras},
archivePrefix = "arXiv",
   eprint = {1307.2209},
 primaryClass = "astro-ph.IM",
 keywords = {methods: data analysis, techniques: photometric, astronomical data bases: miscellaneous, virtual observatory tools},
     year = 2013,
    month = oct,
   volume = 434,
    pages = {3423-3444},
      doi = {10.1093/mnras/stt1264},
   adsurl = {http://adsabs.harvard.edu/abs/2013MNRAS.434.3423G},
  adsnote = {Provided by the SAO/NASA Astrophysics Data System}
}

@ARTICLE{GAIA,
   author = {{Gaia Collaboration} and {Prusti}, T. and {de Bruijne}, J.~H.~J. and 
	{Brown}, A.~G.~A. and {Vallenari}, A. and {Babusiaux}, C. and 
	{Bailer-Jones}, C.~A.~L. and {Bastian}, U. and {Biermann}, M. and 
	{Evans}, D.~W. and et al.},
    title = "{The Gaia mission}",
  journal = {\aap},
archivePrefix = "arXiv",
   eprint = {1609.04153},
 primaryClass = "astro-ph.IM",
 keywords = {space vehicles: instruments, Galaxy: structure, astrometry, parallaxes, proper motions, telescopes},
     year = 2016,
    month = nov,
   volume = 595,
      eid = {A1},
    pages = {A1},
      doi = {10.1051/0004-6361/201629272},
   adsurl = {http://adsabs.harvard.edu/abs/2016A%26A...595A...1G},
  adsnote = {Provided by the SAO/NASA Astrophysics Data System}
}

@ARTICLE{LSST,
   author = {{LSST Science Collaboration} and {Abell}, P.~A. and {Allison}, J. and 
	{Anderson}, S.~F. and {Andrew}, J.~R. and {Angel}, J.~R.~P. and 
	{Armus}, L. and {Arnett}, D. and {Asztalos}, S.~J. and {Axelrod}, T.~S. and et al.},
    title = "{LSST Science Book, Version 2.0}",
  journal = {ArXiv e-prints},
archivePrefix = "arXiv",
   eprint = {0912.0201},
 primaryClass = "astro-ph.IM",
 keywords = {Astrophysics - Instrumentation and Methods for Astrophysics, Astrophysics - Cosmology and Extragalactic Astrophysics, Astrophysics - Earth and Planetary Astrophysics, Astrophysics - Galaxy Astrophysics, Astrophysics - Solar and Stellar Astrophysics},
     year = 2009,
    month = dec,
   adsurl = {http://adsabs.harvard.edu/abs/2009arXiv0912.0201L},
  adsnote = {Provided by the SAO/NASA Astrophysics Data System}
}

@ARTICLE{Sesar_etal_2016,
   author = {{Sesar}, B. and {Hernitschek}, N. and {Mitrovi{\'c}}, S. and 
	{Ivezi{\'c}}, {\v Z}. and {Rix}, H.-W. and {Cohen}, J.~G. and 
	{Bernard}, E.~J. and {Grebel}, E.~K. and {Martin}, N.~F. and 
	{Schlafly}, E.~F. and {Burgett}, W.~S. and {Draper}, P.~W. and 
	{Flewelling}, H. and {Kaiser}, N. and {Kudritzki}, R.~P. and 
	{Magnier}, E.~A. and {Metcalfe}, N. and {Tonry}, J.~L. and {Waters}, C.
	},
    title = "{Machine-Learned Identification of RR Lyrae Stars from Sparse, Multi-band Data: the PS1 Sample}",
  journal = {ArXiv e-prints},
archivePrefix = "arXiv",
   eprint = {1611.08596},
 keywords = {Astrophysics - Astrophysics of Galaxies},
     year = 2016,
    month = nov,
   adsurl = {http://adsabs.harvard.edu/abs/2016arXiv161108596S},
  adsnote = {Provided by the SAO/NASA Astrophysics Data System}
}


@ARTICLE{Hernitschek_etal_2016,
   author = {{Hernitschek}, N. and {Schlafly}, E.~F. and {Sesar}, B. and 
	{Rix}, H.-W. and {Hogg}, D.~W. and {Ivezi{\'c}}, {\v Z}. and 
	{Grebel}, E.~K. and {Bell}, E.~F. and {Martin}, N.~F. and {Burgett}, W.~S. and 
	{Flewelling}, H. and {Hodapp}, K.~W. and {Kaiser}, N. and {Magnier}, E.~A. and 
	{Metcalfe}, N. and {Wainscoat}, R.~J. and {Waters}, C.},
    title = "{Finding, Characterizing, and Classifying Variable Sources in Multi-epoch Sky Surveys: QSOs and RR Lyrae in PS1 3{$\pi$} data}",
  journal = {\apj},
archivePrefix = "arXiv",
   eprint = {1511.05527},
 keywords = {methods: statistical, quasars: general, stars: variables: RR Lyrae},
     year = 2016,
    month = jan,
   volume = 817,
      eid = {73},
    pages = {73},
      doi = {10.3847/0004-637X/817/1/73},
   adsurl = {http://adsabs.harvard.edu/abs/2016ApJ...817...73H},
  adsnote = {Provided by the SAO/NASA Astrophysics Data System}
}

@ARTICLE{PanSTARRS,
   author = {{Chambers}, K.~C. and {Magnier}, E.~A. and {Metcalfe}, N. and 
	{Flewelling}, H.~A. and {Huber}, M.~E. and {Waters}, C.~Z. and 
	{Denneau}, L. and {Draper}, P.~W. and {Farrow}, D. and {Finkbeiner}, D.~P. and 
	{Holmberg}, C. and {Koppenhoefer}, J. and {Price}, P.~A. and 
	{Saglia}, R.~P. and {Schlafly}, E.~F. and {Smartt}, S.~J. and 
	{Sweeney}, W. and {Wainscoat}, R.~J. and {Burgett}, W.~S. and 
	{Grav}, T. and {Heasley}, J.~N. and {Hodapp}, K.~W. and {Jedicke}, R. and 
	{Kaiser}, N. and {Kudritzki}, R.-P. and {Luppino}, G.~A. and 
	{Lupton}, R.~H. and {Monet}, D.~G. and {Morgan}, J.~S. and {Onaka}, P.~M. and 
	{Stubbs}, C.~W. and {Tonry}, J.~L. and {Banados}, E. and {Bell}, E.~F. and 
	{Bender}, R. and {Bernard}, E.~J. and {Botticella}, M.~T. and 
	{Casertano}, S. and {Chastel}, S. and {Chen}, W.-P. and {Chen}, X. and 
	{Cole}, S. and {Deacon}, N. and {Frenk}, C. and {Fitzsimmons}, A. and 
	{Gezari}, S. and {Goessl}, C. and {Goggia}, T. and {Goldman}, B. and 
	{Grebel}, E.~K. and {Hambly}, N.~C. and {Hasinger}, G. and {Heavens}, A.~F. and 
	{Heckman}, T.~M. and {Henderson}, R. and {Henning}, T. and {Holman}, M. and 
	{Hopp}, U. and {Ip}, W.-H. and {Isani}, S. and {Keyes}, C.~D. and 
	{Koekemoer}, A. and {Kotak}, R. and {Long}, K.~S. and {Lucey}, J.~R and 
	{Liu}, M. and {Martin}, N.~F. and {McLean}, B. and {Morganson}, E. and 
	{Murphy}, D.~N.~A. and {Nieto-Santisteban}, M.~A. and {Norberg}, P. and 
	{Peacock}, J.~A. and {Pier}, E.~A. and {Postman}, M. and {Primak}, N. and 
	{Rae}, C. and {Rest}, A. and {Riess}, A. and {Riffeser}, A. and 
	{Rix}, H.~W. and {Roser}, S. and {Schilbach}, E. and {Schultz}, A.~S.~B. and 
	{Scolnic}, D. and {Szalay}, A. and {Seitz}, S. and {Shiao}, B. and 
	{Small}, E. and {Smith}, K.~W. and {Soderblom}, D. and {Taylor}, A.~N. and 
	{Thakar}, A.~R. and {Thiel}, J. and {Thilker}, D. and {Urata}, Y. and 
	{Valenti}, J. and {Walter}, F. and {Watters}, S.~P. and {Werner}, S. and 
	{White}, R. and {Wood-Vasey}, W.~M. and {Wyse}, R.},
    title = "{The Pan-STARRS1 Surveys}",
  journal = {ArXiv e-prints},
archivePrefix = "arXiv",
   eprint = {1612.05560},
 primaryClass = "astro-ph.IM",
 keywords = {Astrophysics - Instrumentation and Methods for Astrophysics, Astrophysics - Earth and Planetary Astrophysics, Astrophysics - Astrophysics of Galaxies, Astrophysics - Solar and Stellar Astrophysics},
     year = 2016,
    month = dec,
   adsurl = {http://adsabs.harvard.edu/abs/2016arXiv161205560C},
  adsnote = {Provided by the SAO/NASA Astrophysics Data System}
}
